%YAML 1.1
%TAG !u! tag:unity3d.com,2011:
--- !u!29 &1
OcclusionCullingSettings:
  m_ObjectHideFlags: 0
  serializedVersion: 2
  m_OcclusionBakeSettings:
    smallestOccluder: 5
    smallestHole: 0.25
    backfaceThreshold: 100
  m_SceneGUID: 00000000000000000000000000000000
  m_OcclusionCullingData: {fileID: 0}
--- !u!104 &2
RenderSettings:
  m_ObjectHideFlags: 0
  serializedVersion: 8
  m_Fog: 0
  m_FogColor: {r: 0.5, g: 0.5, b: 0.5, a: 1}
  m_FogMode: 3
  m_FogDensity: 0.01
  m_LinearFogStart: 0
  m_LinearFogEnd: 300
  m_AmbientSkyColor: {r: 0.212, g: 0.227, b: 0.259, a: 1}
  m_AmbientEquatorColor: {r: 0.114, g: 0.125, b: 0.133, a: 1}
  m_AmbientGroundColor: {r: 0.047, g: 0.043, b: 0.035, a: 1}
  m_AmbientIntensity: 1
  m_AmbientMode: 0
  m_SubtractiveShadowColor: {r: 0.42, g: 0.478, b: 0.627, a: 1}
  m_SkyboxMaterial: {fileID: 10304, guid: 0000000000000000f000000000000000, type: 0}
  m_HaloStrength: 0.5
  m_FlareStrength: 1
  m_FlareFadeSpeed: 3
  m_HaloTexture: {fileID: 0}
  m_SpotCookie: {fileID: 10001, guid: 0000000000000000e000000000000000, type: 0}
  m_DefaultReflectionMode: 0
  m_DefaultReflectionResolution: 128
  m_ReflectionBounces: 1
  m_ReflectionIntensity: 1
  m_CustomReflection: {fileID: 0}
  m_Sun: {fileID: 0}
  m_IndirectSpecularColor: {r: 0, g: 0, b: 0, a: 1}
--- !u!157 &3
LightmapSettings:
  m_ObjectHideFlags: 0
  serializedVersion: 9
  m_GIWorkflowMode: 1
  m_GISettings:
    serializedVersion: 2
    m_BounceScale: 1
    m_IndirectOutputScale: 1
    m_AlbedoBoost: 1
    m_TemporalCoherenceThreshold: 1
    m_EnvironmentLightingMode: 0
    m_EnableBakedLightmaps: 1
    m_EnableRealtimeLightmaps: 1
  m_LightmapEditorSettings:
    serializedVersion: 8
    m_Resolution: 2
    m_BakeResolution: 40
    m_TextureWidth: 1024
    m_TextureHeight: 1024
    m_AO: 0
    m_AOMaxDistance: 1
    m_CompAOExponent: 1
    m_CompAOExponentDirect: 0
    m_Padding: 2
    m_LightmapParameters: {fileID: 0}
    m_LightmapsBakeMode: 1
    m_TextureCompression: 1
    m_FinalGather: 0
    m_FinalGatherFiltering: 1
    m_FinalGatherRayCount: 256
    m_ReflectionCompression: 2
    m_MixedBakeMode: 1
    m_BakeBackend: 0
    m_PVRSampling: 1
    m_PVRDirectSampleCount: 32
    m_PVRSampleCount: 500
    m_PVRBounces: 2
    m_PVRFiltering: 0
    m_PVRFilteringMode: 1
    m_PVRCulling: 1
    m_PVRFilteringGaussRadiusDirect: 1
    m_PVRFilteringGaussRadiusIndirect: 5
    m_PVRFilteringGaussRadiusAO: 2
    m_PVRFilteringAtrousColorSigma: 1
    m_PVRFilteringAtrousNormalSigma: 1
    m_PVRFilteringAtrousPositionSigma: 1
  m_LightingDataAsset: {fileID: 0}
  m_ShadowMaskMode: 2
--- !u!196 &4
NavMeshSettings:
  serializedVersion: 2
  m_ObjectHideFlags: 0
  m_BuildSettings:
    serializedVersion: 2
    agentTypeID: 0
    agentRadius: 0.5
    agentHeight: 1
    agentSlope: 30
    agentClimb: 0.3
    ledgeDropHeight: 0
    maxJumpAcrossDistance: 0
    minRegionArea: 2
    manualCellSize: 0
    cellSize: 0.16666667
    manualTileSize: 0
    tileSize: 256
    accuratePlacement: 0
  m_NavMeshData: {fileID: 23800000, guid: a440555c061051b499ff76dbf6567bec, type: 2}
--- !u!1 &118398290
GameObject:
  m_ObjectHideFlags: 0
  m_PrefabParentObject: {fileID: 0}
  m_PrefabInternal: {fileID: 0}
  serializedVersion: 5
  m_Component:
  - component: {fileID: 118398295}
  - component: {fileID: 118398294}
  - component: {fileID: 118398293}
  - component: {fileID: 118398292}
  - component: {fileID: 118398291}
  m_Layer: 0
  m_Name: Main Camera
  m_TagString: MainCamera
  m_Icon: {fileID: 0}
  m_NavMeshLayer: 0
  m_StaticEditorFlags: 0
  m_IsActive: 1
--- !u!81 &118398291
AudioListener:
  m_ObjectHideFlags: 0
  m_PrefabParentObject: {fileID: 0}
  m_PrefabInternal: {fileID: 0}
  m_GameObject: {fileID: 118398290}
  m_Enabled: 1
--- !u!124 &118398292
Behaviour:
  m_ObjectHideFlags: 0
  m_PrefabParentObject: {fileID: 0}
  m_PrefabInternal: {fileID: 0}
  m_GameObject: {fileID: 118398290}
  m_Enabled: 1
--- !u!92 &118398293
Behaviour:
  m_ObjectHideFlags: 0
  m_PrefabParentObject: {fileID: 0}
  m_PrefabInternal: {fileID: 0}
  m_GameObject: {fileID: 118398290}
  m_Enabled: 1
--- !u!20 &118398294
Camera:
  m_ObjectHideFlags: 0
  m_PrefabParentObject: {fileID: 0}
  m_PrefabInternal: {fileID: 0}
  m_GameObject: {fileID: 118398290}
  m_Enabled: 1
  serializedVersion: 2
  m_ClearFlags: 1
  m_BackGroundColor: {r: 0.19215687, g: 0.3019608, b: 0.4745098, a: 0}
  m_NormalizedViewPortRect:
    serializedVersion: 2
    x: 0
    y: 0
    width: 1
    height: 1
  near clip plane: 0.3
  far clip plane: 1000
  field of view: 60
  orthographic: 1
  orthographic size: 10
  m_Depth: -1
  m_CullingMask:
    serializedVersion: 2
    m_Bits: 4294967295
  m_RenderingPath: -1
  m_TargetTexture: {fileID: 0}
  m_TargetDisplay: 0
  m_TargetEye: 3
  m_HDR: 0
  m_AllowMSAA: 1
  m_ForceIntoRT: 0
  m_OcclusionCulling: 1
  m_StereoConvergence: 10
  m_StereoSeparation: 0.022
  m_StereoMirrorMode: 0
--- !u!4 &118398295
Transform:
  m_ObjectHideFlags: 0
  m_PrefabParentObject: {fileID: 0}
  m_PrefabInternal: {fileID: 0}
  m_GameObject: {fileID: 118398290}
  m_LocalRotation: {x: 0.7071068, y: 0, z: 0, w: 0.7071068}
  m_LocalPosition: {x: 0, y: 20, z: 0}
  m_LocalScale: {x: 1, y: 1, z: 1}
  m_Children: []
  m_Father: {fileID: 379179266}
  m_RootOrder: 0
  m_LocalEulerAnglesHint: {x: 90, y: 0, z: 0}
--- !u!1 &188025141 stripped
GameObject:
  m_PrefabParentObject: {fileID: 1286562150919906, guid: defa39377c98cce408e3494b9744ab28,
    type: 2}
  m_PrefabInternal: {fileID: 1835115783}
--- !u!4 &188025142 stripped
Transform:
  m_PrefabParentObject: {fileID: 4352769316967510, guid: defa39377c98cce408e3494b9744ab28,
    type: 2}
  m_PrefabInternal: {fileID: 1835115783}
--- !u!1 &201695765
GameObject:
  m_ObjectHideFlags: 0
  m_PrefabParentObject: {fileID: 0}
  m_PrefabInternal: {fileID: 0}
  serializedVersion: 5
  m_Component:
  - component: {fileID: 201695766}
  m_Layer: 0
  m_Name: Terrain
  m_TagString: Untagged
  m_Icon: {fileID: 0}
  m_NavMeshLayer: 0
  m_StaticEditorFlags: 0
  m_IsActive: 1
--- !u!4 &201695766
Transform:
  m_ObjectHideFlags: 0
  m_PrefabParentObject: {fileID: 0}
  m_PrefabInternal: {fileID: 0}
  m_GameObject: {fileID: 201695765}
  m_LocalRotation: {x: 0, y: 0, z: 0, w: 1}
  m_LocalPosition: {x: 0, y: 0, z: 0}
  m_LocalScale: {x: 1, y: 1, z: 1}
  m_Children:
  - {fileID: 1095415249}
  m_Father: {fileID: 935250436}
  m_RootOrder: 0
  m_LocalEulerAnglesHint: {x: 0, y: 0, z: 0}
--- !u!1 &379179265
GameObject:
  m_ObjectHideFlags: 0
  m_PrefabParentObject: {fileID: 0}
  m_PrefabInternal: {fileID: 0}
  serializedVersion: 5
  m_Component:
  - component: {fileID: 379179266}
  m_Layer: 0
  m_Name: Cameras
  m_TagString: Untagged
  m_Icon: {fileID: 0}
  m_NavMeshLayer: 0
  m_StaticEditorFlags: 0
  m_IsActive: 1
--- !u!4 &379179266
Transform:
  m_ObjectHideFlags: 0
  m_PrefabParentObject: {fileID: 0}
  m_PrefabInternal: {fileID: 0}
  m_GameObject: {fileID: 379179265}
  m_LocalRotation: {x: 0, y: 0, z: 0, w: 1}
  m_LocalPosition: {x: 0, y: 8, z: 0}
  m_LocalScale: {x: 1, y: 1, z: 1}
  m_Children:
  - {fileID: 118398295}
  m_Father: {fileID: 0}
  m_RootOrder: 2
  m_LocalEulerAnglesHint: {x: 0, y: 0, z: 0}
--- !u!1 &425651052
GameObject:
  m_ObjectHideFlags: 0
  m_PrefabParentObject: {fileID: 0}
  m_PrefabInternal: {fileID: 0}
  serializedVersion: 5
  m_Component:
  - component: {fileID: 425651053}
  m_Layer: 0
  m_Name: Props
  m_TagString: Untagged
  m_Icon: {fileID: 0}
  m_NavMeshLayer: 0
  m_StaticEditorFlags: 0
  m_IsActive: 1
--- !u!4 &425651053
Transform:
  m_ObjectHideFlags: 0
  m_PrefabParentObject: {fileID: 0}
  m_PrefabInternal: {fileID: 0}
  m_GameObject: {fileID: 425651052}
  m_LocalRotation: {x: 0, y: 0, z: 0, w: 1}
  m_LocalPosition: {x: 0, y: 0, z: 0}
  m_LocalScale: {x: 1, y: 1, z: 1}
  m_Children:
  - {fileID: 1297284285}
  - {fileID: 1704401540}
  - {fileID: 188025142}
  - {fileID: 603958282}
  - {fileID: 1080820003}
  m_Father: {fileID: 935250436}
  m_RootOrder: 1
  m_LocalEulerAnglesHint: {x: 0, y: 0, z: 0}
--- !u!1 &432555039
GameObject:
  m_ObjectHideFlags: 0
  m_PrefabParentObject: {fileID: 0}
  m_PrefabInternal: {fileID: 0}
  serializedVersion: 5
  m_Component:
  - component: {fileID: 432555040}
  m_Layer: 0
  m_Name: _Dynamic
  m_TagString: Untagged
  m_Icon: {fileID: 0}
  m_NavMeshLayer: 0
  m_StaticEditorFlags: 0
  m_IsActive: 1
--- !u!4 &432555040
Transform:
  m_ObjectHideFlags: 0
  m_PrefabParentObject: {fileID: 0}
  m_PrefabInternal: {fileID: 0}
  m_GameObject: {fileID: 432555039}
  m_LocalRotation: {x: 0, y: 0, z: 0, w: 1}
  m_LocalPosition: {x: 0, y: 0, z: 0}
  m_LocalScale: {x: 1, y: 1, z: 1}
  m_Children: []
  m_Father: {fileID: 0}
  m_RootOrder: 5
  m_LocalEulerAnglesHint: {x: 0, y: 0, z: 0}
--- !u!1 &490445563
GameObject:
  m_ObjectHideFlags: 0
  m_PrefabParentObject: {fileID: 0}
  m_PrefabInternal: {fileID: 0}
  serializedVersion: 5
  m_Component:
  - component: {fileID: 490445565}
  - component: {fileID: 490445564}
  m_Layer: 0
  m_Name: Sun
  m_TagString: Untagged
  m_Icon: {fileID: 0}
  m_NavMeshLayer: 0
  m_StaticEditorFlags: 0
  m_IsActive: 1
--- !u!108 &490445564
Light:
  m_ObjectHideFlags: 0
  m_PrefabParentObject: {fileID: 0}
  m_PrefabInternal: {fileID: 0}
  m_GameObject: {fileID: 490445563}
  m_Enabled: 1
  serializedVersion: 8
  m_Type: 1
  m_Color: {r: 1, g: 1, b: 1, a: 1}
  m_Intensity: 1
  m_Range: 10
  m_SpotAngle: 30
  m_CookieSize: 10
  m_Shadows:
    m_Type: 2
    m_Resolution: -1
    m_CustomResolution: -1
    m_Strength: 1
    m_Bias: 0.05
    m_NormalBias: 0.4
    m_NearPlane: 0.2
  m_Cookie: {fileID: 0}
  m_DrawHalo: 0
  m_Flare: {fileID: 0}
  m_RenderMode: 0
  m_CullingMask:
    serializedVersion: 2
    m_Bits: 4294967295
  m_Lightmapping: 4
  m_AreaSize: {x: 1, y: 1}
  m_BounceIntensity: 1
  m_ColorTemperature: 6570
  m_UseColorTemperature: 0
  m_ShadowRadius: 0
  m_ShadowAngle: 0
--- !u!4 &490445565
Transform:
  m_ObjectHideFlags: 0
  m_PrefabParentObject: {fileID: 0}
  m_PrefabInternal: {fileID: 0}
  m_GameObject: {fileID: 490445563}
  m_LocalRotation: {x: 0.48296294, y: -0.22414385, z: 0.1294095, w: 0.8365163}
  m_LocalPosition: {x: 0, y: 3, z: 0}
  m_LocalScale: {x: 1, y: 1, z: 1}
  m_Children: []
  m_Father: {fileID: 1463215927}
  m_RootOrder: 0
  m_LocalEulerAnglesHint: {x: 60, y: -30, z: 0}
--- !u!1 &603958281 stripped
GameObject:
  m_PrefabParentObject: {fileID: 1649786634379824, guid: 4979825e9b16c2b4c9fb808c7cc659a4,
    type: 2}
  m_PrefabInternal: {fileID: 1589172910}
--- !u!4 &603958282 stripped
Transform:
  m_PrefabParentObject: {fileID: 4710613963529830, guid: 4979825e9b16c2b4c9fb808c7cc659a4,
    type: 2}
  m_PrefabInternal: {fileID: 1589172910}
--- !u!224 &622837376 stripped
RectTransform:
  m_PrefabParentObject: {fileID: 224473569253981440, guid: dbd14da92d3bd3040899c329a224bd41,
    type: 2}
  m_PrefabInternal: {fileID: 1321719621}
--- !u!1 &740742812
GameObject:
  m_ObjectHideFlags: 0
  m_PrefabParentObject: {fileID: 0}
  m_PrefabInternal: {fileID: 0}
  serializedVersion: 5
  m_Component:
  - component: {fileID: 740742813}
  - component: {fileID: 740742814}
  m_Layer: 0
  m_Name: '@GameManager'
  m_TagString: Untagged
  m_Icon: {fileID: 0}
  m_NavMeshLayer: 0
  m_StaticEditorFlags: 0
  m_IsActive: 1
--- !u!4 &740742813
Transform:
  m_ObjectHideFlags: 0
  m_PrefabParentObject: {fileID: 0}
  m_PrefabInternal: {fileID: 0}
  m_GameObject: {fileID: 740742812}
  m_LocalRotation: {x: 0, y: 0, z: 0, w: 1}
  m_LocalPosition: {x: 0, y: 0, z: 0}
  m_LocalScale: {x: 1, y: 1, z: 1}
  m_Children: []
  m_Father: {fileID: 1497779509}
  m_RootOrder: 0
  m_LocalEulerAnglesHint: {x: 0, y: 0, z: 0}
--- !u!114 &740742814
MonoBehaviour:
  m_ObjectHideFlags: 0
  m_PrefabParentObject: {fileID: 0}
  m_PrefabInternal: {fileID: 0}
  m_GameObject: {fileID: 740742812}
  m_Enabled: 1
  m_EditorHideFlags: 0
  m_Script: {fileID: 11500000, guid: f068a8ad0a4109f46a803d3d64ea3165, type: 3}
  m_Name: 
  m_EditorClassIdentifier: 
  hungerSlider: {fileID: 1234407589}
  staminaSlider: {fileID: 1239158528}
  hygieneSlider: {fileID: 1154343062}
  entertainmentSlider: {fileID: 622837376}
  creature: {fileID: 1978533523}
  gameSpeed: 10
--- !u!1 &935250435
GameObject:
  m_ObjectHideFlags: 0
  m_PrefabParentObject: {fileID: 0}
  m_PrefabInternal: {fileID: 0}
  serializedVersion: 5
  m_Component:
  - component: {fileID: 935250436}
  m_Layer: 0
  m_Name: World
  m_TagString: Untagged
  m_Icon: {fileID: 0}
  m_NavMeshLayer: 0
  m_StaticEditorFlags: 0
  m_IsActive: 1
--- !u!4 &935250436
Transform:
  m_ObjectHideFlags: 0
  m_PrefabParentObject: {fileID: 0}
  m_PrefabInternal: {fileID: 0}
  m_GameObject: {fileID: 935250435}
  m_LocalRotation: {x: 0, y: 0, z: 0, w: 1}
  m_LocalPosition: {x: 0, y: 0, z: 0}
  m_LocalScale: {x: 1, y: 1, z: 1}
  m_Children:
  - {fileID: 201695766}
  - {fileID: 425651053}
  m_Father: {fileID: 0}
  m_RootOrder: 4
  m_LocalEulerAnglesHint: {x: 0, y: 0, z: 0}
--- !u!1 &1080820002 stripped
GameObject:
  m_PrefabParentObject: {fileID: 1084609592659062, guid: d17ac719424ac5649a42103ecbbb6495,
    type: 2}
  m_PrefabInternal: {fileID: 1089320141}
--- !u!4 &1080820003 stripped
Transform:
  m_PrefabParentObject: {fileID: 4070367710186168, guid: d17ac719424ac5649a42103ecbbb6495,
    type: 2}
  m_PrefabInternal: {fileID: 1089320141}
--- !u!1001 &1089320141
Prefab:
  m_ObjectHideFlags: 0
  serializedVersion: 2
  m_Modification:
    m_TransformParent: {fileID: 425651053}
    m_Modifications:
    - target: {fileID: 4070367710186168, guid: d17ac719424ac5649a42103ecbbb6495, type: 2}
      propertyPath: m_LocalPosition.x
      value: -4.39
      objectReference: {fileID: 0}
    - target: {fileID: 4070367710186168, guid: d17ac719424ac5649a42103ecbbb6495, type: 2}
      propertyPath: m_LocalPosition.y
      value: 0.5
      objectReference: {fileID: 0}
    - target: {fileID: 4070367710186168, guid: d17ac719424ac5649a42103ecbbb6495, type: 2}
      propertyPath: m_LocalPosition.z
      value: -5.11
      objectReference: {fileID: 0}
    - target: {fileID: 4070367710186168, guid: d17ac719424ac5649a42103ecbbb6495, type: 2}
      propertyPath: m_LocalRotation.x
      value: -0
      objectReference: {fileID: 0}
    - target: {fileID: 4070367710186168, guid: d17ac719424ac5649a42103ecbbb6495, type: 2}
      propertyPath: m_LocalRotation.y
      value: -0
      objectReference: {fileID: 0}
    - target: {fileID: 4070367710186168, guid: d17ac719424ac5649a42103ecbbb6495, type: 2}
      propertyPath: m_LocalRotation.z
      value: -0
      objectReference: {fileID: 0}
    - target: {fileID: 4070367710186168, guid: d17ac719424ac5649a42103ecbbb6495, type: 2}
      propertyPath: m_LocalRotation.w
      value: 1
      objectReference: {fileID: 0}
    - target: {fileID: 4070367710186168, guid: d17ac719424ac5649a42103ecbbb6495, type: 2}
      propertyPath: m_RootOrder
      value: 4
      objectReference: {fileID: 0}
    m_RemovedComponents: []
  m_ParentPrefab: {fileID: 100100000, guid: d17ac719424ac5649a42103ecbbb6495, type: 2}
  m_IsPrefabParent: 0
--- !u!1001 &1095415248
Prefab:
  m_ObjectHideFlags: 0
  serializedVersion: 2
  m_Modification:
    m_TransformParent: {fileID: 201695766}
    m_Modifications:
    - target: {fileID: 4778655009816430, guid: bc3603cf3d64c654bad295f15dd94ee5, type: 2}
      propertyPath: m_LocalPosition.x
      value: 0
      objectReference: {fileID: 0}
    - target: {fileID: 4778655009816430, guid: bc3603cf3d64c654bad295f15dd94ee5, type: 2}
      propertyPath: m_LocalPosition.y
      value: 0
      objectReference: {fileID: 0}
    - target: {fileID: 4778655009816430, guid: bc3603cf3d64c654bad295f15dd94ee5, type: 2}
      propertyPath: m_LocalPosition.z
      value: 0
      objectReference: {fileID: 0}
    - target: {fileID: 4778655009816430, guid: bc3603cf3d64c654bad295f15dd94ee5, type: 2}
      propertyPath: m_LocalRotation.x
      value: 0
      objectReference: {fileID: 0}
    - target: {fileID: 4778655009816430, guid: bc3603cf3d64c654bad295f15dd94ee5, type: 2}
      propertyPath: m_LocalRotation.y
      value: 0
      objectReference: {fileID: 0}
    - target: {fileID: 4778655009816430, guid: bc3603cf3d64c654bad295f15dd94ee5, type: 2}
      propertyPath: m_LocalRotation.z
      value: 0
      objectReference: {fileID: 0}
    - target: {fileID: 4778655009816430, guid: bc3603cf3d64c654bad295f15dd94ee5, type: 2}
      propertyPath: m_LocalRotation.w
      value: 1
      objectReference: {fileID: 0}
    - target: {fileID: 4778655009816430, guid: bc3603cf3d64c654bad295f15dd94ee5, type: 2}
      propertyPath: m_RootOrder
      value: 0
      objectReference: {fileID: 0}
    - target: {fileID: 4778655009816430, guid: bc3603cf3d64c654bad295f15dd94ee5, type: 2}
      propertyPath: m_LocalScale.x
      value: 2
      objectReference: {fileID: 0}
    - target: {fileID: 4778655009816430, guid: bc3603cf3d64c654bad295f15dd94ee5, type: 2}
      propertyPath: m_LocalScale.y
      value: 1
      objectReference: {fileID: 0}
    - target: {fileID: 4778655009816430, guid: bc3603cf3d64c654bad295f15dd94ee5, type: 2}
      propertyPath: m_LocalScale.z
      value: 2
      objectReference: {fileID: 0}
    - target: {fileID: 1543281889932218, guid: bc3603cf3d64c654bad295f15dd94ee5, type: 2}
      propertyPath: m_StaticEditorFlags
      value: 4294967295
      objectReference: {fileID: 0}
    m_RemovedComponents: []
  m_ParentPrefab: {fileID: 100100000, guid: bc3603cf3d64c654bad295f15dd94ee5, type: 2}
  m_IsPrefabParent: 0
--- !u!4 &1095415249 stripped
Transform:
  m_PrefabParentObject: {fileID: 4778655009816430, guid: bc3603cf3d64c654bad295f15dd94ee5,
    type: 2}
  m_PrefabInternal: {fileID: 1095415248}
--- !u!224 &1154343062 stripped
RectTransform:
  m_PrefabParentObject: {fileID: 224917407783050188, guid: dbd14da92d3bd3040899c329a224bd41,
    type: 2}
  m_PrefabInternal: {fileID: 1321719621}
--- !u!224 &1234407589 stripped
RectTransform:
  m_PrefabParentObject: {fileID: 224771592386194444, guid: dbd14da92d3bd3040899c329a224bd41,
    type: 2}
  m_PrefabInternal: {fileID: 1321719621}
--- !u!224 &1239158528 stripped
RectTransform:
  m_PrefabParentObject: {fileID: 224440980545855324, guid: dbd14da92d3bd3040899c329a224bd41,
    type: 2}
  m_PrefabInternal: {fileID: 1321719621}
--- !u!1001 &1297284284
Prefab:
  m_ObjectHideFlags: 0
  serializedVersion: 2
  m_Modification:
    m_TransformParent: {fileID: 425651053}
    m_Modifications:
    - target: {fileID: 4584661810832114, guid: 80ef89537ea34dd4698a6e65c177fbca, type: 2}
      propertyPath: m_LocalPosition.x
      value: 4.9
      objectReference: {fileID: 0}
    - target: {fileID: 4584661810832114, guid: 80ef89537ea34dd4698a6e65c177fbca, type: 2}
      propertyPath: m_LocalPosition.y
      value: 0
      objectReference: {fileID: 0}
    - target: {fileID: 4584661810832114, guid: 80ef89537ea34dd4698a6e65c177fbca, type: 2}
      propertyPath: m_LocalPosition.z
      value: 4.46
      objectReference: {fileID: 0}
    - target: {fileID: 4584661810832114, guid: 80ef89537ea34dd4698a6e65c177fbca, type: 2}
      propertyPath: m_LocalRotation.x
      value: 0
      objectReference: {fileID: 0}
    - target: {fileID: 4584661810832114, guid: 80ef89537ea34dd4698a6e65c177fbca, type: 2}
      propertyPath: m_LocalRotation.y
      value: 0
      objectReference: {fileID: 0}
    - target: {fileID: 4584661810832114, guid: 80ef89537ea34dd4698a6e65c177fbca, type: 2}
      propertyPath: m_LocalRotation.z
      value: 0
      objectReference: {fileID: 0}
    - target: {fileID: 4584661810832114, guid: 80ef89537ea34dd4698a6e65c177fbca, type: 2}
      propertyPath: m_LocalRotation.w
      value: 1
      objectReference: {fileID: 0}
    - target: {fileID: 4584661810832114, guid: 80ef89537ea34dd4698a6e65c177fbca, type: 2}
      propertyPath: m_RootOrder
      value: 0
      objectReference: {fileID: 0}
    - target: {fileID: 114356033193524800, guid: 80ef89537ea34dd4698a6e65c177fbca,
        type: 2}
      propertyPath: states.Array.data[0].target
      value: 
      objectReference: {fileID: 1704401539}
    - target: {fileID: 114356033193524800, guid: 80ef89537ea34dd4698a6e65c177fbca,
        type: 2}
      propertyPath: states.Array.data[1].target
      value: 
      objectReference: {fileID: 1704401539}
    - target: {fileID: 114356033193524800, guid: 80ef89537ea34dd4698a6e65c177fbca,
        type: 2}
      propertyPath: states.Array.data[2].target
      value: 
      objectReference: {fileID: 1704401539}
    - target: {fileID: 114356033193524800, guid: 80ef89537ea34dd4698a6e65c177fbca,
        type: 2}
      propertyPath: states.Array.data[3].target
      value: 
      objectReference: {fileID: 1704401539}
    - target: {fileID: 114356033193524800, guid: 80ef89537ea34dd4698a6e65c177fbca,
        type: 2}
      propertyPath: states.Array.data[4].target
      value: 
      objectReference: {fileID: 1704401539}
    - target: {fileID: 114356033193524800, guid: 80ef89537ea34dd4698a6e65c177fbca,
        type: 2}
      propertyPath: states.Array.data[5].target
      value: 
      objectReference: {fileID: 188025141}
    - target: {fileID: 114356033193524800, guid: 80ef89537ea34dd4698a6e65c177fbca,
        type: 2}
      propertyPath: states.Array.data[6].target
      value: 
      objectReference: {fileID: 188025141}
    - target: {fileID: 114356033193524800, guid: 80ef89537ea34dd4698a6e65c177fbca,
        type: 2}
      propertyPath: states.Array.data[7].target
      value: 
      objectReference: {fileID: 188025141}
    - target: {fileID: 114356033193524800, guid: 80ef89537ea34dd4698a6e65c177fbca,
        type: 2}
      propertyPath: states.Array.data[8].target
      value: 
      objectReference: {fileID: 188025141}
    - target: {fileID: 114356033193524800, guid: 80ef89537ea34dd4698a6e65c177fbca,
        type: 2}
      propertyPath: states.Array.data[9].target
      value: 
      objectReference: {fileID: 188025141}
    - target: {fileID: 114356033193524800, guid: 80ef89537ea34dd4698a6e65c177fbca,
        type: 2}
      propertyPath: states.Array.data[10].target
      value: 
      objectReference: {fileID: 603958281}
    - target: {fileID: 114356033193524800, guid: 80ef89537ea34dd4698a6e65c177fbca,
        type: 2}
      propertyPath: states.Array.data[11].target
      value: 
      objectReference: {fileID: 603958281}
    - target: {fileID: 114356033193524800, guid: 80ef89537ea34dd4698a6e65c177fbca,
        type: 2}
      propertyPath: states.Array.data[12].target
      value: 
      objectReference: {fileID: 603958281}
    - target: {fileID: 114356033193524800, guid: 80ef89537ea34dd4698a6e65c177fbca,
        type: 2}
      propertyPath: states.Array.data[13].target
      value: 
      objectReference: {fileID: 603958281}
    - target: {fileID: 114356033193524800, guid: 80ef89537ea34dd4698a6e65c177fbca,
        type: 2}
      propertyPath: states.Array.data[14].target
      value: 
      objectReference: {fileID: 603958281}
    - target: {fileID: 114356033193524800, guid: 80ef89537ea34dd4698a6e65c177fbca,
        type: 2}
      propertyPath: states.Array.data[15].target
      value: 
      objectReference: {fileID: 1080820002}
    - target: {fileID: 114356033193524800, guid: 80ef89537ea34dd4698a6e65c177fbca,
        type: 2}
      propertyPath: states.Array.data[16].target
      value: 
      objectReference: {fileID: 1080820002}
    - target: {fileID: 114356033193524800, guid: 80ef89537ea34dd4698a6e65c177fbca,
        type: 2}
      propertyPath: states.Array.data[17].target
      value: 
      objectReference: {fileID: 1080820002}
    - target: {fileID: 114356033193524800, guid: 80ef89537ea34dd4698a6e65c177fbca,
        type: 2}
      propertyPath: states.Array.data[18].target
      value: 
      objectReference: {fileID: 1080820002}
    - target: {fileID: 114356033193524800, guid: 80ef89537ea34dd4698a6e65c177fbca,
        type: 2}
      propertyPath: states.Array.data[19].target
      value: 
      objectReference: {fileID: 1080820002}
    - target: {fileID: 114356033193524800, guid: 80ef89537ea34dd4698a6e65c177fbca,
        type: 2}
      propertyPath: actions.Array.data[4].target
      value: 
      objectReference: {fileID: 1704401539}
    - target: {fileID: 114356033193524800, guid: 80ef89537ea34dd4698a6e65c177fbca,
        type: 2}
      propertyPath: actions.Array.data[5].target
      value: 
      objectReference: {fileID: 188025141}
    - target: {fileID: 114356033193524800, guid: 80ef89537ea34dd4698a6e65c177fbca,
        type: 2}
      propertyPath: actions.Array.data[6].target
      value: 
      objectReference: {fileID: 603958281}
    - target: {fileID: 114356033193524800, guid: 80ef89537ea34dd4698a6e65c177fbca,
        type: 2}
      propertyPath: actions.Array.data[7].target
      value: 
      objectReference: {fileID: 1080820002}
    - target: {fileID: 114251224327899534, guid: 80ef89537ea34dd4698a6e65c177fbca,
        type: 2}
      propertyPath: state.target
      value: 
      objectReference: {fileID: 1704401539}
    m_RemovedComponents: []
  m_ParentPrefab: {fileID: 100100000, guid: 80ef89537ea34dd4698a6e65c177fbca, type: 2}
  m_IsPrefabParent: 0
--- !u!4 &1297284285 stripped
Transform:
  m_PrefabParentObject: {fileID: 4584661810832114, guid: 80ef89537ea34dd4698a6e65c177fbca,
    type: 2}
  m_PrefabInternal: {fileID: 1297284284}
--- !u!1001 &1321719621
Prefab:
  m_ObjectHideFlags: 0
  serializedVersion: 2
  m_Modification:
    m_TransformParent: {fileID: 2029149494}
    m_Modifications:
    - target: {fileID: 224088924296699704, guid: dbd14da92d3bd3040899c329a224bd41,
        type: 2}
      propertyPath: m_LocalPosition.x
      value: 0
      objectReference: {fileID: 0}
    - target: {fileID: 224088924296699704, guid: dbd14da92d3bd3040899c329a224bd41,
        type: 2}
      propertyPath: m_LocalPosition.y
      value: 0
      objectReference: {fileID: 0}
    - target: {fileID: 224088924296699704, guid: dbd14da92d3bd3040899c329a224bd41,
        type: 2}
      propertyPath: m_LocalPosition.z
      value: 0
      objectReference: {fileID: 0}
    - target: {fileID: 224088924296699704, guid: dbd14da92d3bd3040899c329a224bd41,
        type: 2}
      propertyPath: m_LocalRotation.x
      value: 0
      objectReference: {fileID: 0}
    - target: {fileID: 224088924296699704, guid: dbd14da92d3bd3040899c329a224bd41,
        type: 2}
      propertyPath: m_LocalRotation.y
      value: 0
      objectReference: {fileID: 0}
    - target: {fileID: 224088924296699704, guid: dbd14da92d3bd3040899c329a224bd41,
        type: 2}
      propertyPath: m_LocalRotation.z
      value: 0
      objectReference: {fileID: 0}
    - target: {fileID: 224088924296699704, guid: dbd14da92d3bd3040899c329a224bd41,
        type: 2}
      propertyPath: m_LocalRotation.w
      value: 1
      objectReference: {fileID: 0}
    - target: {fileID: 224088924296699704, guid: dbd14da92d3bd3040899c329a224bd41,
        type: 2}
      propertyPath: m_RootOrder
      value: 0
      objectReference: {fileID: 0}
    - target: {fileID: 224088924296699704, guid: dbd14da92d3bd3040899c329a224bd41,
        type: 2}
      propertyPath: m_AnchoredPosition.x
      value: 0
      objectReference: {fileID: 0}
    - target: {fileID: 224088924296699704, guid: dbd14da92d3bd3040899c329a224bd41,
        type: 2}
      propertyPath: m_AnchoredPosition.y
      value: 0
      objectReference: {fileID: 0}
    - target: {fileID: 224088924296699704, guid: dbd14da92d3bd3040899c329a224bd41,
        type: 2}
      propertyPath: m_SizeDelta.x
      value: 0
      objectReference: {fileID: 0}
    - target: {fileID: 224088924296699704, guid: dbd14da92d3bd3040899c329a224bd41,
        type: 2}
      propertyPath: m_SizeDelta.y
      value: 0
      objectReference: {fileID: 0}
    - target: {fileID: 224088924296699704, guid: dbd14da92d3bd3040899c329a224bd41,
        type: 2}
      propertyPath: m_AnchorMin.x
      value: 0
      objectReference: {fileID: 0}
    - target: {fileID: 224088924296699704, guid: dbd14da92d3bd3040899c329a224bd41,
        type: 2}
      propertyPath: m_AnchorMin.y
      value: 0
      objectReference: {fileID: 0}
    - target: {fileID: 224088924296699704, guid: dbd14da92d3bd3040899c329a224bd41,
        type: 2}
      propertyPath: m_AnchorMax.x
      value: 0
      objectReference: {fileID: 0}
    - target: {fileID: 224088924296699704, guid: dbd14da92d3bd3040899c329a224bd41,
        type: 2}
      propertyPath: m_AnchorMax.y
      value: 0
      objectReference: {fileID: 0}
    - target: {fileID: 224088924296699704, guid: dbd14da92d3bd3040899c329a224bd41,
        type: 2}
      propertyPath: m_Pivot.x
      value: 0
      objectReference: {fileID: 0}
    - target: {fileID: 224088924296699704, guid: dbd14da92d3bd3040899c329a224bd41,
        type: 2}
      propertyPath: m_Pivot.y
      value: 0
      objectReference: {fileID: 0}
    m_RemovedComponents: []
  m_ParentPrefab: {fileID: 100100000, guid: dbd14da92d3bd3040899c329a224bd41, type: 2}
  m_IsPrefabParent: 0
--- !u!1 &1463215926
GameObject:
  m_ObjectHideFlags: 0
  m_PrefabParentObject: {fileID: 0}
  m_PrefabInternal: {fileID: 0}
  serializedVersion: 5
  m_Component:
  - component: {fileID: 1463215927}
  m_Layer: 0
  m_Name: Lights
  m_TagString: Untagged
  m_Icon: {fileID: 0}
  m_NavMeshLayer: 0
  m_StaticEditorFlags: 0
  m_IsActive: 1
--- !u!4 &1463215927
Transform:
  m_ObjectHideFlags: 0
  m_PrefabParentObject: {fileID: 0}
  m_PrefabInternal: {fileID: 0}
  m_GameObject: {fileID: 1463215926}
  m_LocalRotation: {x: -0, y: -0, z: -0, w: 1}
  m_LocalPosition: {x: 0, y: 0, z: 0}
  m_LocalScale: {x: 1, y: 1, z: 1}
  m_Children:
  - {fileID: 490445565}
  m_Father: {fileID: 0}
  m_RootOrder: 3
  m_LocalEulerAnglesHint: {x: 0, y: 0, z: 0}
--- !u!1 &1497779508
GameObject:
  m_ObjectHideFlags: 0
  m_PrefabParentObject: {fileID: 0}
  m_PrefabInternal: {fileID: 0}
  serializedVersion: 5
  m_Component:
  - component: {fileID: 1497779509}
  m_Layer: 0
  m_Name: Management
  m_TagString: Untagged
  m_Icon: {fileID: 0}
  m_NavMeshLayer: 0
  m_StaticEditorFlags: 0
  m_IsActive: 1
--- !u!4 &1497779509
Transform:
  m_ObjectHideFlags: 0
  m_PrefabParentObject: {fileID: 0}
  m_PrefabInternal: {fileID: 0}
  m_GameObject: {fileID: 1497779508}
  m_LocalRotation: {x: 0, y: 0, z: 0, w: 1}
  m_LocalPosition: {x: 0, y: 0, z: 0}
  m_LocalScale: {x: 1, y: 1, z: 1}
  m_Children:
  - {fileID: 740742813}
  m_Father: {fileID: 0}
  m_RootOrder: 0
  m_LocalEulerAnglesHint: {x: 0, y: 0, z: 0}
--- !u!1001 &1589172910
Prefab:
  m_ObjectHideFlags: 0
  serializedVersion: 2
  m_Modification:
    m_TransformParent: {fileID: 425651053}
    m_Modifications:
    - target: {fileID: 4710613963529830, guid: 4979825e9b16c2b4c9fb808c7cc659a4, type: 2}
      propertyPath: m_LocalPosition.x
      value: 4.9
      objectReference: {fileID: 0}
    - target: {fileID: 4710613963529830, guid: 4979825e9b16c2b4c9fb808c7cc659a4, type: 2}
      propertyPath: m_LocalPosition.y
      value: 0.5
      objectReference: {fileID: 0}
    - target: {fileID: 4710613963529830, guid: 4979825e9b16c2b4c9fb808c7cc659a4, type: 2}
      propertyPath: m_LocalPosition.z
      value: -5.11
      objectReference: {fileID: 0}
    - target: {fileID: 4710613963529830, guid: 4979825e9b16c2b4c9fb808c7cc659a4, type: 2}
      propertyPath: m_LocalRotation.x
      value: -0
      objectReference: {fileID: 0}
    - target: {fileID: 4710613963529830, guid: 4979825e9b16c2b4c9fb808c7cc659a4, type: 2}
      propertyPath: m_LocalRotation.y
      value: -0
      objectReference: {fileID: 0}
    - target: {fileID: 4710613963529830, guid: 4979825e9b16c2b4c9fb808c7cc659a4, type: 2}
      propertyPath: m_LocalRotation.z
      value: -0
      objectReference: {fileID: 0}
    - target: {fileID: 4710613963529830, guid: 4979825e9b16c2b4c9fb808c7cc659a4, type: 2}
      propertyPath: m_LocalRotation.w
      value: 1
      objectReference: {fileID: 0}
    - target: {fileID: 4710613963529830, guid: 4979825e9b16c2b4c9fb808c7cc659a4, type: 2}
      propertyPath: m_RootOrder
      value: 3
      objectReference: {fileID: 0}
    m_RemovedComponents: []
  m_ParentPrefab: {fileID: 100100000, guid: 4979825e9b16c2b4c9fb808c7cc659a4, type: 2}
  m_IsPrefabParent: 0
--- !u!1001 &1663126576
Prefab:
  m_ObjectHideFlags: 0
  serializedVersion: 2
  m_Modification:
    m_TransformParent: {fileID: 425651053}
    m_Modifications:
    - target: {fileID: 4248552869109742, guid: df9e33c0168c73042a386f0eb1f3a5a4, type: 2}
      propertyPath: m_LocalPosition.x
      value: -4.22
      objectReference: {fileID: 0}
    - target: {fileID: 4248552869109742, guid: df9e33c0168c73042a386f0eb1f3a5a4, type: 2}
      propertyPath: m_LocalPosition.y
      value: 0.5
      objectReference: {fileID: 0}
    - target: {fileID: 4248552869109742, guid: df9e33c0168c73042a386f0eb1f3a5a4, type: 2}
      propertyPath: m_LocalPosition.z
      value: 4.46
      objectReference: {fileID: 0}
    - target: {fileID: 4248552869109742, guid: df9e33c0168c73042a386f0eb1f3a5a4, type: 2}
      propertyPath: m_LocalRotation.x
      value: 0
      objectReference: {fileID: 0}
    - target: {fileID: 4248552869109742, guid: df9e33c0168c73042a386f0eb1f3a5a4, type: 2}
      propertyPath: m_LocalRotation.y
      value: 0
      objectReference: {fileID: 0}
    - target: {fileID: 4248552869109742, guid: df9e33c0168c73042a386f0eb1f3a5a4, type: 2}
      propertyPath: m_LocalRotation.z
      value: 0
      objectReference: {fileID: 0}
    - target: {fileID: 4248552869109742, guid: df9e33c0168c73042a386f0eb1f3a5a4, type: 2}
      propertyPath: m_LocalRotation.w
      value: 1
      objectReference: {fileID: 0}
    - target: {fileID: 4248552869109742, guid: df9e33c0168c73042a386f0eb1f3a5a4, type: 2}
      propertyPath: m_RootOrder
      value: 1
      objectReference: {fileID: 0}
    m_RemovedComponents: []
  m_ParentPrefab: {fileID: 100100000, guid: df9e33c0168c73042a386f0eb1f3a5a4, type: 2}
  m_IsPrefabParent: 0
--- !u!1 &1704401539 stripped
GameObject:
  m_PrefabParentObject: {fileID: 1081002761965186, guid: df9e33c0168c73042a386f0eb1f3a5a4,
    type: 2}
  m_PrefabInternal: {fileID: 1663126576}
--- !u!4 &1704401540 stripped
Transform:
  m_PrefabParentObject: {fileID: 4248552869109742, guid: df9e33c0168c73042a386f0eb1f3a5a4,
    type: 2}
  m_PrefabInternal: {fileID: 1663126576}
--- !u!1001 &1835115783
Prefab:
  m_ObjectHideFlags: 0
  serializedVersion: 2
  m_Modification:
    m_TransformParent: {fileID: 425651053}
    m_Modifications:
    - target: {fileID: 4352769316967510, guid: defa39377c98cce408e3494b9744ab28, type: 2}
      propertyPath: m_LocalPosition.x
      value: 4.9
      objectReference: {fileID: 0}
    - target: {fileID: 4352769316967510, guid: defa39377c98cce408e3494b9744ab28, type: 2}
      propertyPath: m_LocalPosition.y
      value: 0.5
      objectReference: {fileID: 0}
    - target: {fileID: 4352769316967510, guid: defa39377c98cce408e3494b9744ab28, type: 2}
      propertyPath: m_LocalPosition.z
      value: 4.46
      objectReference: {fileID: 0}
    - target: {fileID: 4352769316967510, guid: defa39377c98cce408e3494b9744ab28, type: 2}
      propertyPath: m_LocalRotation.x
      value: -0
      objectReference: {fileID: 0}
    - target: {fileID: 4352769316967510, guid: defa39377c98cce408e3494b9744ab28, type: 2}
      propertyPath: m_LocalRotation.y
      value: -0
      objectReference: {fileID: 0}
    - target: {fileID: 4352769316967510, guid: defa39377c98cce408e3494b9744ab28, type: 2}
      propertyPath: m_LocalRotation.z
      value: -0
      objectReference: {fileID: 0}
    - target: {fileID: 4352769316967510, guid: defa39377c98cce408e3494b9744ab28, type: 2}
      propertyPath: m_LocalRotation.w
      value: 1
      objectReference: {fileID: 0}
    - target: {fileID: 4352769316967510, guid: defa39377c98cce408e3494b9744ab28, type: 2}
      propertyPath: m_RootOrder
      value: 2
      objectReference: {fileID: 0}
    m_RemovedComponents: []
  m_ParentPrefab: {fileID: 100100000, guid: defa39377c98cce408e3494b9744ab28, type: 2}
  m_IsPrefabParent: 0
--- !u!114 &1978533523 stripped
MonoBehaviour:
  m_PrefabParentObject: {fileID: 114251224327899534, guid: 80ef89537ea34dd4698a6e65c177fbca,
    type: 2}
  m_PrefabInternal: {fileID: 1297284284}
  m_Script: {fileID: 11500000, guid: eb9c57a4f44bfa4488104d6ce5b9a770, type: 3}
--- !u!1 &2017956606
GameObject:
  m_ObjectHideFlags: 0
  m_PrefabParentObject: {fileID: 0}
  m_PrefabInternal: {fileID: 0}
  serializedVersion: 5
  m_Component:
  - component: {fileID: 2017956609}
  - component: {fileID: 2017956608}
  - component: {fileID: 2017956607}
  m_Layer: 0
  m_Name: EventSystem
  m_TagString: Untagged
  m_Icon: {fileID: 0}
  m_NavMeshLayer: 0
  m_StaticEditorFlags: 0
  m_IsActive: 1
--- !u!114 &2017956607
MonoBehaviour:
  m_ObjectHideFlags: 0
  m_PrefabParentObject: {fileID: 0}
  m_PrefabInternal: {fileID: 0}
  m_GameObject: {fileID: 2017956606}
  m_Enabled: 1
  m_EditorHideFlags: 0
  m_Script: {fileID: 1077351063, guid: f5f67c52d1564df4a8936ccd202a3bd8, type: 3}
  m_Name: 
  m_EditorClassIdentifier: 
  m_HorizontalAxis: Horizontal
  m_VerticalAxis: Vertical
  m_SubmitButton: Submit
  m_CancelButton: Cancel
  m_InputActionsPerSecond: 10
  m_RepeatDelay: 0.5
  m_ForceModuleActive: 0
--- !u!114 &2017956608
MonoBehaviour:
  m_ObjectHideFlags: 0
  m_PrefabParentObject: {fileID: 0}
  m_PrefabInternal: {fileID: 0}
  m_GameObject: {fileID: 2017956606}
  m_Enabled: 1
  m_EditorHideFlags: 0
  m_Script: {fileID: -619905303, guid: f5f67c52d1564df4a8936ccd202a3bd8, type: 3}
  m_Name: 
  m_EditorClassIdentifier: 
  m_FirstSelected: {fileID: 0}
  m_sendNavigationEvents: 1
  m_DragThreshold: 5
--- !u!4 &2017956609
Transform:
  m_ObjectHideFlags: 0
  m_PrefabParentObject: {fileID: 0}
  m_PrefabInternal: {fileID: 0}
  m_GameObject: {fileID: 2017956606}
  m_LocalRotation: {x: 0, y: 0, z: 0, w: 1}
  m_LocalPosition: {x: 0, y: 0, z: 0}
  m_LocalScale: {x: 1, y: 1, z: 1}
  m_Children: []
  m_Father: {fileID: 0}
  m_RootOrder: 6
  m_LocalEulerAnglesHint: {x: 0, y: 0, z: 0}
--- !u!1 &2029149493
GameObject:
  m_ObjectHideFlags: 0
  m_PrefabParentObject: {fileID: 0}
  m_PrefabInternal: {fileID: 0}
  serializedVersion: 5
  m_Component:
  - component: {fileID: 2029149494}
  m_Layer: 0
  m_Name: GUI
  m_TagString: Untagged
  m_Icon: {fileID: 0}
  m_NavMeshLayer: 0
  m_StaticEditorFlags: 0
  m_IsActive: 1
--- !u!4 &2029149494
Transform:
  m_ObjectHideFlags: 0
  m_PrefabParentObject: {fileID: 0}
  m_PrefabInternal: {fileID: 0}
  m_GameObject: {fileID: 2029149493}
  m_LocalRotation: {x: 0, y: 0, z: 0, w: 1}
  m_LocalPosition: {x: 0, y: 0, z: 0}
  m_LocalScale: {x: 1, y: 1, z: 1}
  m_Children:
  - {fileID: 2036690853}
  m_Father: {fileID: 0}
  m_RootOrder: 1
  m_LocalEulerAnglesHint: {x: 0, y: 0, z: 0}
--- !u!224 &2036690853 stripped
RectTransform:
  m_PrefabParentObject: {fileID: 224088924296699704, guid: dbd14da92d3bd3040899c329a224bd41,
    type: 2}
  m_PrefabInternal: {fileID: 1321719621}
